<?xml version="1.0" encoding="UTF-8"?><collection xmlns="http://www.loc.gov/MARC21/slim"><record><leader>00424nam--2200157-i-4500</leader><controlfield tag="001">000008591</controlfield><controlfield tag="002">20161230</controlfield><controlfield tag="005">20170107162356</controlfield><controlfield tag="008">060222s1000------------r-----000-0-eng-d</controlfield><datafield ind1=" " ind2=" " tag="100"><subfield code="a">Cieleszky, V</subfield></datafield><datafield ind1=" " ind2=" " tag="245"><subfield code="a">Polarographie. Mit besonderer berucksichtigung der klassischen methoden</subfield></datafield><datafield ind1=" " ind2=" " tag="260"><subfield code="a">Budapest</subfield><subfield code="b">Akad©♭miai Kiad©đ</subfield><subfield code="c">1967</subfield></datafield><datafield ind1=" " ind2=" " tag="300"><subfield code="a">587 p</subfield></datafield><datafield ind1=" " ind2=" " tag="700"><subfield code="a">Proszt, J</subfield></datafield><datafield ind1=" " ind2=" " tag="852"><subfield code="a">29096</subfield></datafield><datafield ind1=" " ind2=" " tag="CAT"><subfield code="a">SYS</subfield><subfield code="c">20170107</subfield><subfield code="h">162356</subfield></datafield></record></collection>